@book{Landau1993,
	Author = {Landau, L.D. and Lifshitz, E.M.},
	Publisher = {Pergamon Press},
	Title = {Fluid Mechanics (2nd Edition)},
	Year = {1993}
}

@article{park1998,
year={1998},
issn={1738-494X},
journal={KSME International Journal},
volume={12},
number={6},
doi={10.1007/BF02942594},
title={Numerical solutions of flow past a circular cylinder at Reynolds numbers up to 160},
url={http://dx.doi.org/10.1007/BF02942594},
publisher={Korean Society of Mechanical Engineers},
keywords={Vortex Shedding; Circular Cylinder; Statistics on the Cylinder Surface},
author={Park, Jeongyoung and Kwon, Kiyoung and Choi, Haecheon},
pages={1200-1205},
language={English}
}

@InProceedings{palacios14,
  author = 	 {Palacios, F. and Economon, T. D. and Aranake, A. C. and Copeland, S. R. and Lonkar, A. K. and Lukaczyk, T. W. and Manosalvas, D. E. and Naik, K. R. and Padron, A. S. and Tracey, B. and Variyar, A. and Alonso, J. J.},
  title = 	 {{S}tanford {U}niversity {U}nstructured ({SU}$^2$): Open-source analysis and design technology for turbulent flow},
  booktitle = 	 {52nd AIAA Aerospace Sciences Meeting},
  year =	 2014,
  month = {January},
  address =	 {National Harbor, Maryland},
  series =	 {AIAA Paper 2014-0243}
}

@InProceedings{palacios13,
  author = 	 {F. Palacios and M.R. Colonno and A. C.Aranake and A. Campos and S. R. Copeland and T. D. Economon and A. K. Lonkar and T. W. Lukaczyk and T. W. R. Taylor and J. J. Alonso},
  title = 	 {Stanford University Unstructured (SU2): An open-source integrated computational environment for multi-physics simulation and design},
  booktitle = 	 {51st AIAA Aerospace Sciences Meeting including the New Horizons Forum and Aerospace Exposition},
  year =	 2013,
  month = {January},
  address =	 {Grapevine, Texas},
  series =	 {AIAA Paper 2013-0287}
}

@conference{bull2014a,
	Author = {Bull, J.R. and Jameson, A.},
	Booktitle = {Notes on Numerical Fluid Mechanics and Multidisciplinary Design, Vol.},
	Editor = {Haasse, W.},
	Month = {May},
	Note = {unpublished},
	Publisher = {Springer},
	Title = {High-Order Flux Reconstruction Schemes for {LES} on Tetrahedral Meshes},
	Year = {2014}
}

@conference{bull2014b,
	Author = {Bull, J.R. and Jameson, A.},
	Month = {June},
	 booktitle = {AIAA Aviation 2014, 16--20 June, Atlanta, Georgia},
	Note = {unpublished},
	Title = {Simulation of the Compressible {Taylor Green} Vortex using High-Order Flux Reconstruction Schemes},
	Year = {2014}
}

@article{beck:12,
	Author = {Beck, A.D. and Gassner, G.},
	Journal = {Theoretical and Computational Fluid Dynamics},
	Number = {3-4},
	Pages = {221-237},
	Title = {On the accuracy of high-order discretizations for underresolved turbulence simulations},
	Volume = {27},
	Year = {2012}
}
	
@article{debonis:13,
	Author = {Debonis, J.R.},
	Journal = {AIAA Paper 2013-0382},
	Title = {Solutions of the {Taylor-Green} Vortex Problem Using High-Resolution Explicit Finite Difference Methods},
	Year = {2013}
}

@article{wang2013,
	Author = {Z.J. Wang and Krzysztof Fidkowski and Remi Abgrall and Francesco Bassi and Doru Caraeni and Andrew Cary and Herman Deconinck and Ralf Hartmann and Koen Hillewaert and H.T. Huynh and Norbert Kroll and Georg May and Per-Olof Persson and Bram van Leer and Miguel Visbal},
	Journal = {International Journal for Numerical Methods in Fluids},
	Number = {8},
	Pages = {811--845},
	Title = {High-Order CFD Methods: Current Status and Perspective High-Order {CFD} Methods: Current Status and Perspective},
	Volume = {72},
	Year = {2013}}
	
@book{han2001,
  title={Gas turbine heat transfer and cooling technology},
  author={Han, J.C.},
  year={2001},
  publisher={Taylor \& Francis}
}

@article{jefferson2010,
  title={LES of impingement heat transfer on a concave surface},
  author={Jefferson-Loveday, RJ and Tucker, PG},
  journal={Numerical Heat Transfer, Part A: Applications},
  volume={58},
  number={4},
  pages={247--271},
  year={2010},
  publisher={Taylor \& Francis}
}
@article{lee1997,
  title={Turbulent flow and heat transfer measurements on a curved surface with a fully developed round impinging jet},
  author={Lee, DH and Chung, YS and Kim, DS},
  journal={International journal of heat and fluid flow},
  volume={18},
  number={1},
  pages={160--169},
  year={1997},
  publisher={Elsevier}
}

@article{wang2006,
  title={Extension of the spectral volume method to high-order boundary representation},
  author={Wang, Z.J. and Liu, Y.},
  journal={Journal of Computational Physics},
  volume={211},
  number={1},
  pages={154--178},
  year={2006},
  publisher={Elsevier}
}

@article{williams2011,
  title={An extension of energy stable flux reconstruction to unsteady, non-linear, viscous problems on mixed grids},
  author={Williams, D.M. and Castonguay, P. and Vincent, P.E. and Jameson, A.},
  journal={20th AIAA Computational Fluid Dynamics Conference Proceedings},
  year={2011}
}

@article{gassner2008discontinuous,
  title={A discontinuous Galerkin scheme based on a space-time expansion II. Viscous flow equations in multi dimensions},
  author={Gassner, G. and L{\"o}rcher, F. and Munz, C.D.},
  journal={Journal of Scientific Computing},
  volume={34},
  number={3},
  pages={260--286},
  year={2008},
  publisher={Springer}
}

@article{lodato2012,
  title={LES modeling with high-order flux reconstruction and spectral difference schemes},
  author={Lodato, G. and Jameson, A.},
  journal={7th International Conference on Computational Fluid Dynamics Proceedings},
  year = {2012}
}

@inproceedings{castonguay2011,
  title={On the Development of a High-Order, Multi-GPU Enabled, Compressible Viscous Flow Solver for Mixed Unstructured Grids},
  author={Castonguay, P. and Williams, D.M. and Vincent, P.E. and L\'opez-Morales, M. R. and Jameson, A.},
  booktitle={AIAA Computational Fluid Dynamics Conference, AIAA-2011-3229},
  year={2011}
}

@article{huynh2007,
  title={A flux reconstruction approach to high-order schemes including discontinuous Galerkin methods},
  author={Huynh, HT},
  journal={AIAA paper},
  volume={4079},
  pages={2007},
  year={2007}
}

@book{hesthaven2007,
  title={Nodal discontinuous Galerkin methods: algorithms, analysis, and applications},
  author={Hesthaven, J.S. and Warburton, T.},
  volume={54},
  year={2007},
  publisher={Springer}
}


@article{liu2006,
  title={Spectral difference method for unstructured grids I: basic formulation},
  author={Liu, Y. and Vinokur, M. and Wang, ZJ},
  journal={Journal of Computational Physics},
  volume={216},
  number={2},
  pages={780--801},
  year={2006},
  publisher={Elsevier}
}

@article{vincent2011new,
  title={A new class of high-order energy stable flux reconstruction schemes},
  author={Vincent, Peter E and Castonguay, Patrice and Jameson, Antony},
  journal={Journal of Scientific Computing},
  volume={47},
  number={1},
  pages={50--72},
  year={2011},
  publisher={Springer}
}

@article{castonguay2012new,
  title={A new class of high-order energy stable flux reconstruction schemes for triangular elements},
  author={Castonguay, Patrice and Vincent, Peter E and Jameson, Antony},
  journal={Journal of Scientific Computing},
  volume={51},
  number={1},
  pages={224--256},
  year={2012},
  publisher={Springer}
}

@article{williams2013tri,
  title={Energy stable flux reconstruction schemes for advection--diffusion problems on triangles},
  author={Williams, DM and Castonguay, Patrice and Vincent, Peter E and Jameson, Antony},
  journal={Journal of Computational Physics},
  volume={250},
  pages={53--76},
  year={2013},
  publisher={Elsevier}
}

@article{williams2013tet,
  title={Energy Stable Flux Reconstruction Schemes for Advection--Diffusion Problems on Tetrahedra},
  author={Williams, DM and Jameson, A},
  journal={Journal of Scientific Computing},
  pages={1--39},
  year={2013},
  publisher={Springer}
}

@article{fidkowski2005p,
  title={p-Multigrid solution of high-order discontinuous Galerkin discretizations of the compressible Navier--Stokes equations},
  author={Fidkowski, Krzysztof J and Oliver, Todd A and Lu, James and Darmofal, David L},
  journal={Journal of Computational Physics},
  volume={207},
  number={1},
  pages={92--113},
  year={2005},
  publisher={Elsevier}
}

@inproceedings{Jameson1991DualTime,
    author = {Jameson, Antony},
    booktitle = {Proc. 10th Comp. Fluid Dyn. Conf., Honolulu, HI, USA, June 24-26, 1991, AIAA-Paper 91-1596},
    title = {{Time Dependent Calculations Using Multigrid, with Applications to Unsteady Flows Past Airfoils and Wings}},
    year = {1991}
}

@phdthesis{williams2013thesis,
author={Williams, D. M.},
title={Energy Stable High-Order Methods for Simulating Unsteady, Viscous, Compressible Flows on Unstructured Grids},
school={Stanford University},
year={ 2013}
}

@article{smagorinsky1963,
        Author = {Smagorinsky, J.},
        Date-Added = {2012-01-26 15:47:51 +0000},
        Date-Modified = {2012-10-30 10:46:08 +0000},
        Journal = {Monthly Weather Review},
        Number = {3},
        Pages = {99--164},
        Publisher = {American Meteorological Society},
        Title = {General circulation experiments with the primitive equations},
        Volume = {91},
        Year = {1963}}


%WALE:

@article{nicoud1999,
        Author = {F. Nicoud and F. Ducros},
        Journal = {Flow, Turbulence and Combustion},
        Month = {September},
        Number = {3},
        Pages = {183--200},
        Title = {Subgrid-Scale Stress Modelling Based on the Square of the Velocity Gradient Tensor},
        Volume = {62},
        Year = 1999}


%WSM:

@article{lodato2009,
        Author = {G. Lodato and L. Vervisch and P. Domingo},
        Journal = {Physics of Fluids},
        Number = {3},
        Title = {A Compressible Wall-Adapting Similarity Mixed Model for {L}arge-{E}ddy {S}imulation of the Impinging Round Jet},
        Volume = {21},
        Year = 2009}

%Similarity:
		
@inproceedings{bardina1980,
		Address = {Snowmass, Colo., July 14-16, 1980},
		Author = {J. Bardina and J.H. Ferziger and W.C. Reynolds},
		Booktitle = {13th AIAA Fluid and Plasma Dynamics Conference},
		Month = jul,
		Title = {Improved subgrid-scale models for large-eddy simulation},
		Year = 1980}		

%SVV:

@article{karamanos2000,
        Author = {Karamanos, G.S. and Karniadakis, G.E.},
        Journal = {J.~Comput.~Phys.},
        Number = {1},
        Pages = {22--50},
        Publisher = {Elsevier},
        Title = {A spectral vanishing viscosity method for large-eddy simulations},
        Volume = {163},
        Year = {2000}
        }


%Vasilyev:

@article{vasilyev1998,
        Author = {Vasilyev, O. V. and Lund, Thomas S. and Moin, Parviz},
        Date-Added = {2011-11-16 21:08:39 +0000},
        Date-Modified = {2011-11-16 21:09:53 +0000},
        Journal = {Journal of Computational Physics},
        Pages = {82-104},
        Title = {A General Class of Commutative Filters for LES in Complex Geometries},
        Volume = {146},
        Year = {1998}
        }

@article{vasilyev2001,
        Author = {Vasilyev, O. V. and Marsden, A. L. and Moin, P.},
        Date-Added = {2012-08-18 14:34:24 +0100},
        Date-Modified = {2012-08-18 14:35:35 +0100},
        Journal = {Journal of Computational Physics},
        Pages = {584-603},
        Title = {Construction of Commutative Filters for {LES} on Unstructured Meshes},
        Volume = {175},
        Year = {2002}
        }


%Discrete Gaussian:

@article{lodato2012b,
        Author = {G. Lodato and P. Castonguay and A. Jameson},
        Date-Modified = {2013-09-11 17:04:34 -0700},
        Journal = {Int.~J.~Numer.~Meth.~Fl.},
        Title = {Discrete filter operators for large-eddy simulation using high-order spectral difference methods},
        Volume = {in press},
        Year = {2012},
        Bdsk-Url-1 = {http://dx.doi.org/10.1002/fld.3740}
        }


%Modal Vandermonde:

@article{blackburn2003,
        Author = {Blackburn, H.M. and Schmidt, S.},
        Date-Added = {2013-09-08 16:33:44 -0700},
        Date-Modified = {2013-09-08 16:34:49 -0700},
        Journal = {Journal of Computational Physics},
        Pages = {610-629},
        Title = {Spectral element filtering techniques for large eddy simulation with dynamic estimation},
        Volume = {186},
        Year = {2003}
        }    
        
        
@article{huynh2007flux,
  title={A flux reconstruction approach to high-order schemes including discontinuous Galerkin methods},
  author={Huynh, HT},
  journal={AIAA paper},
  volume={4079},
  pages={2007},
  year={2007}
}

@article{huynh2009reconstruction,
  title={A reconstruction approach to high-order schemes including discontinuous Galerkin for diffusion},
  author={Huynh, HT},
  journal={AIAA paper},
  volume={403},
  pages={2009},
  year={2009}
}

@TechReport{Persson06,
  author = 	 {P. Persson and J. Peraire},
  title = 	 {Sub-Cell Shock Capturing for Discontinuous Galerkin Methods},
  year = 	 2006,
}

%LES wall model:

@inproceedings{breuer1994,
	Author = {Breuer, M. and Rodi, W.},
	Booktitle = {Direct and Large-Eddy Simulation I},
	Organization = {Springer},
	Pages = {273--285},
	Title = {Large-eddy simulation of turbulent flow through a straight square duct and a 180 bend},
	Year = {1994}}

%square cylinder data:
	
@article{lyn1994,
	Author = {Lyn, D.A. and Rodi, W.},
	Journal = {J.~Fluid Mech.},
	Pages = {353--376},
	Publisher = {Cambridge University Press},
	Title = {The flapping shear layer formed by flow separation from the forward corner of a square cylinder},
	Volume = {267},
	Year = {1994}}

@article{lyn1995,
	Author = {Lyn, D.A. and Einav, S. and Rodi, W. and Park, J.H.},
	Journal = {J.~Fluid Mech.},
	Number = {1},
	Pages = {285--319},
	Publisher = {Cambridge University Press},
	Title = {A laser-{D}oppler velocimetry study of ensemble-averaged characteristics of the turbulent near wake of a square cylinder},
	Volume = {304},
	Year = {1995}}

@article{castonguay2013,
  title={Energy stable flux reconstruction schemes for advection--diffusion problems},
  author={Castonguay, P and Williams, DM and Vincent, PE and Jameson, A},
  journal={Computer Methods in Applied Mechanics and Engineering},
  volume={267},
  pages={400--417},
  year={2013},
  publisher={Elsevier}
}

%SA Turbulence modeling references:
@book{wilcox1998turbulence,
  title={Turbulence modeling for CFD},
  author={Wilcox, David C},
  volume={2},
  year={1998},
  publisher={DCW industries La Canada, CA}
}

@article{burgess2012robust,
  title={Robust computation of turbulent flows using a discontinuous Galerkin method},
  author={Burgess, Nicholas K and Mavriplis, Dimitri J},
  journal={AIAA paper},
  volume={457},
  year={2012}
}

@techreport{oliver2008high,
  title1053.07={A high-order, adaptive, discontinuous Galerkin finite element method for the Reynolds-averaged Navier-Stokes equations},
  author={Oliver, Todd A},
  year={2008},
  institution={DTIC Document}
}

@article{moro2011navier,
  title={Navier-stokes solution using hybridizable discontinuous galerkin methods},
  author={Moro, D and Nguyen, NC and Peraire, J},
  journal={AIAA Paper},
  volume={3407},
  pages={2011},
  year={2011}
}

@article{spalart1992one,
  title={A one-equation turbulence model for aerodynamic flows},
  author={Spalart, P and Allmaras, S},
  year={1992}
}

@article{jameson2011advances,
  title={Advances in bringing high-order methods to practical applications in computational fluid dynamics},
  author={Jameson, Antony},
  journal={AIAA paper},
  volume={3226},
  year={2011}
}

@article{abhishekshockcapture,
  title={Shock detection and capturing methods in high order Discontinuous Galerkin Finite Element Methods},
  author={Sheshadri, Abhishek and Jameson, Antony},
  year={2014}
}

@TechReport{Persson13,
  author = 	 {P. Persson},
  title = 	 {Shock Capturing for High-Order Discontinuous
  Galerkin Simulation of Transient Flow Problems},
  type = 	 {21st AIAA Computational Fluid Dynamics Conference proceedings 2013-3061},
  year = 	 2013,
}

@techreport{salari2000code,
  title={Code verification by the method of manufactured solutions},
  author={Salari, Kambiz and Knupp, Patrick},
  year={2000},
  institution={Sandia National Labs., Albuquerque, NM (US); Sandia National Labs., Livermore, CA (US)}
}

@article{uranga2011implicit,
  title={Implicit Large Eddy Simulation of transition to turbulence at low Reynolds numbers using a Discontinuous Galerkin method},
  author={Uranga, A and Persson, P-O and Drela, M and Peraire, J},
  journal={International Journal for Numerical Methods in Engineering},
  volume={87},
  number={1-5},
  pages={232--261},
  year={2011},
  publisher={Wiley Online Library}
}


@article{ol2005comparison,
  title={Comparison of laminar separation bubble measurements on a low Reynolds number airfoil in three facilities},
  author={Ol, Michael V and McAuliffe, Brian R and Hanff, Ernest S and Scholz, Ulrich and K{\"a}hler, Christian},
  journal={AIAA paper},
  volume={5149},
  number={1},
  pages={2005},
  year={2005}
}

@article{radespiel2007numerical,
  title={Numerical and experimental flow analysis of moving airfoils with laminar separation bubbles},
  author={Radespiel, Rolf E and Windte, Jan and Scholz, Ulrich},
  journal={AIAA journal},
  volume={45},
  number={6},
  pages={1346--1356},
  year={2007}
}

@article{galbraith2008implicit,
  title={Implicit large eddy simulation of low Reynolds number flow past the SD7003 airfoil},
  author={Galbraith, Marshall and Visbal, Miguel},
  journal={AIAA paper},
  volume={225},
  pages={2008},
  year={2008}
}

@article{visbal2009high,
  title={High-fidelity simulations of moving and flexible airfoils at low Reynolds numbers},
  author={Visbal, Miguel R and Gordnier, Raymond E and Galbraith, Marshall C},
  journal={Experiments in Fluids},
  volume={46},
  number={5},
  pages={903--922},
  year={2009},
  publisher={Springer}
}

@article{castonguay2010simulation,
  title={Simulation of transitional flow over airfoils using the spectral difference method},
  author={Castonguay, Patrice and Liang, Chunlei and Jameson, Antony},
  journal={AIAA paper},
  volume={4626},
  pages={2010},
  year={2010}
}

@article{persson2010high,
  title={High-Order LES Simulations using Implicit-Explicit Runge-Kutta Schemes},
  author={Persson, Per-Olof},
  year={2010}
}

@article{carpenter1994fourth,
  title={Fourth-order 2N-storage Runge-Kutta schemes},
  author={Carpenter, Mark H and Kennedy, Christopher A},
  journal={Nasa tm},
  volume={109112},
  year={1994}
}
